<?xml version="1.0" encoding="UTF-8"?><collection xmlns="http://www.loc.gov/MARC21/slim"><record><leader>00435nam--2200145-i-4500</leader><controlfield tag="001">000007832</controlfield><controlfield tag="002">20161230</controlfield><controlfield tag="005">20161230201027</controlfield><controlfield tag="008">060222s1000------------r-----000-0-eng-d</controlfield><datafield ind1=" " ind2=" " tag="080"><subfield code="a">77.01:54</subfield></datafield><datafield ind1=" " ind2=" " tag="100"><subfield code="a">Barchet, Hans-martin</subfield></datafield><datafield ind1=" " ind2=" " tag="245"><subfield code="a">Chemie photographischer prozesse. mit 40 abbil dungen, 5 tabbellen und 11 tafeln</subfield></datafield><datafield ind1=" " ind2=" " tag="260"><subfield code="a">Berlin, Akademie-verlag, 1965. 165 P</subfield></datafield><datafield ind1=" " ind2=" " tag="490"><subfield code="a">Wtb. Wissenchaftliche Taschenbucher</subfield></datafield><datafield ind1=" " ind2=" " tag="852"><subfield code="a">24776</subfield></datafield></record></collection>